<?xml version="1.0" encoding="UTF-8"?><collection xmlns="http://www.loc.gov/MARC21/slim"><record><leader>00449nam--2200157-i-4500</leader><controlfield tag="001">000016120</controlfield><controlfield tag="002">20161230</controlfield><controlfield tag="005">20170114235210</controlfield><controlfield tag="008">060222s1000------------r-----000-0-eng-d</controlfield><datafield ind1=" " ind2=" " tag="080"><subfield code="a">539.L2...163(043)</subfield></datafield><datafield ind1=" " ind2=" " tag="100"><subfield code="a">Chatelus, Yves</subfield></datafield><datafield ind1=" " ind2=" " tag="245"><subfield code="a">Etude de la reaction: e.......... dans l annea u de collisions d orsay</subfield><subfield code="b">these</subfield></datafield><datafield ind1=" " ind2=" " tag="260"><subfield code="a">Strasbourg</subfield><subfield code="b">L Universite Luis Pasteur</subfield><subfield code="c">1971</subfield></datafield><datafield ind1=" " ind2=" " tag="300"><subfield code="a">77 p</subfield></datafield><datafield ind1=" " ind2=" " tag="852"><subfield code="a">76981</subfield></datafield><datafield ind1=" " ind2=" " tag="CAT"><subfield code="a">SYS</subfield><subfield code="c">20170114</subfield><subfield code="h">235210</subfield></datafield></record></collection>